<?xml version="1.0" encoding="UTF-8"?><record xmlns="http://www.loc.gov/MARC21/slim" xmlns:cinclude="http://apache.org/cocoon/include/1.0" xmlns:zs="http://www.loc.gov/zing/srw/">
  <leader>00358cz  a2200121n  4500</leader>
  <controlfield tag="001">n 2008051151</controlfield>
  <controlfield tag="003">DLC</controlfield>
  <controlfield tag="005">20130729110447.0</controlfield>
  <controlfield tag="008">080729n| azannaabn          |n aaa      </controlfield>
  <datafield tag="010" ind1=" " ind2=" ">
    <subfield code="a">n 2008051151</subfield>
  </datafield>
  <datafield tag="040" ind1=" " ind2=" ">
    <subfield code="a">DLC</subfield>
    <subfield code="b">eng</subfield>
    <subfield code="c">DLC</subfield>
    <subfield code="d">DLC</subfield>
    <subfield code="e">rda</subfield>
  </datafield>
  <datafield tag="100" ind1="1" ind2=" ">
    <subfield code="a">Alderman, Nigel</subfield>
  </datafield>
  <datafield tag="670" ind1=" " ind2=" ">
    <subfield code="a">A concise companion to postwar British and Irish poetry, c2009:</subfield>
    <subfield code="b">ECIP t.p. (Nigel Alderman)</subfield>
  </datafield>
</record>